<record><leader>00000cas a2200000 a 4500</leader><controlfield tag="001">4233027</controlfield><controlfield tag="008">780918c18969999txuwr ne      0   a0eng d</controlfield><datafield ind1=" " ind2=" " tag="010"><subfield code="a">sn 78006134 </subfield></datafield><datafield ind1=" " ind2=" " tag="040"><subfield code="a">NSD</subfield><subfield code="b">eng</subfield><subfield code="c">NSD</subfield><subfield code="d">PPM</subfield><subfield code="d">OCL</subfield><subfield code="d">OCLCQ</subfield><subfield code="d">QT4</subfield><subfield code="d">OCLCQ</subfield><subfield code="d">OCLCO</subfield></datafield><datafield ind1=" " ind2=" " tag="012"><subfield code="k">1</subfield><subfield code="m">1</subfield></datafield><datafield ind1=" " ind2=" " tag="019"><subfield code="a">557920560</subfield></datafield><datafield ind1="1" ind2=" " tag="022"><subfield code="a">0164-9124</subfield><subfield code="l">0164-9124</subfield><subfield code="2">1</subfield></datafield><datafield ind1=" " ind2=" " tag="032"><subfield code="a">472080</subfield><subfield code="b">USPS</subfield></datafield><datafield ind1=" " ind2=" " tag="042"><subfield code="a">nsdp</subfield></datafield><datafield ind1=" " ind2=" " tag="043"><subfield code="a">n-us-tx</subfield></datafield><datafield ind1=" " ind2="0" tag="222"><subfield code="a">Round Rock leader</subfield></datafield><datafield ind1="0" ind2="0" tag="245"><subfield code="a">Round Rock leader.</subfield></datafield><datafield ind1=" " ind2=" " tag="260"><subfield code="a">Round Rock, Tex. :</subfield><subfield code="b">J.H. Kavanaugh, Jr.</subfield></datafield><datafield ind1=" " ind2=" " tag="300"><subfield code="a">v. :</subfield><subfield code="b">ill. ;</subfield><subfield code="c">56 cm.</subfield></datafield><datafield ind1=" " ind2=" " tag="310"><subfield code="a">Semiweekly</subfield></datafield><datafield ind1=" " ind2=" " tag="321"><subfield code="a">Weekly</subfield></datafield><datafield ind1="1" ind2=" " tag="362"><subfield code="a">Began in 1896.</subfield></datafield><datafield ind1=" " ind2=" " tag="588"><subfield code="a">Description based on: Vol. 51, no. 52 (Aug. 20, 1928).</subfield></datafield><datafield ind1=" " ind2="0" tag="650"><subfield code="a">American newspapers</subfield><subfield code="z">Texas</subfield><subfield code="z">Round Rock.</subfield></datafield><datafield ind1=" " ind2="0" tag="650"><subfield code="a">American newspapers</subfield><subfield code="z">Texas</subfield><subfield code="z">Round Rock</subfield><subfield code="v">Databases.</subfield></datafield><datafield ind1=" " ind2="0" tag="650"><subfield code="a">American newspapers</subfield><subfield code="z">Texas</subfield><subfield code="z">Williamson County.</subfield></datafield><datafield ind1=" " ind2="0" tag="650"><subfield code="a">American newspapers</subfield><subfield code="z">Texas</subfield><subfield code="z">Williamson County</subfield><subfield code="v">Databases.</subfield></datafield><datafield ind1=" " ind2="0" tag="650"><subfield code="a">American newspapers</subfield><subfield code="z">Texas</subfield><subfield code="z">Austin Metropolitan Area.</subfield></datafield><datafield ind1=" " ind2="0" tag="650"><subfield code="a">American newspapers</subfield><subfield code="z">Texas</subfield><subfield code="z">Austin Metroplitan Area</subfield><subfield code="v">Databases.</subfield></datafield><datafield ind1=" " ind2="0" tag="651"><subfield code="a">Round Rock (Tex.)</subfield><subfield code="v">Newspapers.</subfield></datafield><datafield ind1=" " ind2="0" tag="651"><subfield code="a">Round Rock (Tex.)</subfield><subfield code="v">Newspapers</subfield><subfield code="v">Databases.</subfield></datafield><datafield ind1=" " ind2="0" tag="651"><subfield code="a">Williamson County (Tex.)</subfield><subfield code="v">Newspapers.</subfield></datafield><datafield ind1=" " ind2="0" tag="651"><subfield code="a">Wiliamson County (Tex.)</subfield><subfield code="v">Newspapers</subfield><subfield code="v">Databases.</subfield></datafield><datafield ind1=" " ind2="0" tag="651"><subfield code="a">Austin Metropolitan Area</subfield><subfield code="v">Newspapers.</subfield></datafield><datafield ind1=" " ind2="0" tag="651"><subfield code="a">Austin Metropolitan Area</subfield><subfield code="v">Newspapers</subfield><subfield code="v">Databases.</subfield></datafield><datafield ind1="0" ind2="4" tag="655"><subfield code="a">Periodicals.</subfield></datafield><datafield ind1=" " ind2="4" tag="655"><subfield code="a">Newspapers.</subfield></datafield><datafield ind1=" " ind2="4" tag="655"><subfield code="a">Electronic reference sources.</subfield></datafield><datafield ind1=" " ind2="4" tag="655"><subfield code="a">Online databases.</subfield></datafield><datafield ind1=" " ind2=" " tag="752"><subfield code="a">United States</subfield><subfield code="b">Texas</subfield><subfield code="c">Williamson</subfield><subfield code="d">Round Rock.</subfield></datafield><datafield ind1="0" ind2="0" tag="780"><subfield code="t">Round Rock searchlight</subfield></datafield><datafield ind1=" " ind2=" " tag="936"><subfield code="a">Aug. 31, 1978</subfield></datafield></record>